<?xml version="1.0" encoding="UTF-8"?><collection xmlns="http://www.loc.gov/MARC21/slim"><record><leader>00438nam--2200145-i-4500</leader><controlfield tag="001">000038973</controlfield><controlfield tag="002">20161230</controlfield><controlfield tag="005">20161230201042</controlfield><controlfield tag="008">060222s1000------------r-----000-0-eng-d</controlfield><datafield ind1=" " ind2=" " tag="080"><subfield code="a">621.3</subfield></datafield><datafield ind1=" " ind2=" " tag="100"><subfield code="a">Richards, R.S., Simpson,J.H</subfield></datafield><datafield ind1=" " ind2=" " tag="245"><subfield code="a">Physical principles and applications of junctiion transistors</subfield></datafield><datafield ind1=" " ind2=" " tag="260"><subfield code="a">Oxford, Clarendon Press, 1962. Xiv + 519 P</subfield></datafield><datafield ind1=" " ind2=" " tag="490"><subfield code="a">Monographs On The Ph.And Chemistry Of Materials</subfield></datafield><datafield ind1=" " ind2=" " tag="852"><subfield code="a">17905</subfield></datafield></record></collection>